@ARTICLE {taquangson,
    author  = "Tạ Quang Sơn",
    journal = "Bài giảng Quy hoạch tuyến tính",
    year    = "2023",
    volume  = "Đại học Sài Gòn"
}
@ARTICLE {phanhoangchon,
    author  = "Phan Hoàng Chơn",
    journal = "Giáo trình Đại số tuyến tính",
    year    = "2022",
    volume  = "Đại học Sài Gòn"
}
@book{lay2003linear,
  title={Linear Algebra and Its Applications},
  author={Lay, D.C.},
  isbn={9788177583335},
  url={https://books.google.com.vn/books?id=v8Zls26Y0wkC},
  year={2003},
  publisher={Pearson Education}
}
@book{conforti2014integer,
  title={Integer Programming},
  author={Conforti, M. and Cornuejols, G. and Zambelli, G.},
  isbn={9783319110097},
  series={Graduate Texts in Mathematics},
  url={https://books.google.com.vn/books?id=QdAMswEACAAJ},
  year={2014},
  publisher={Springer International Publishing}
}
@ARTICLE {buithetam,
    author  = "Bùi Thế Tâm",
    journal = "Quy hoạch rời rạc",
    year    = "2008",
    volume  = "NXB Hà Nội"
}
@book{nguyễn1996tối,
  title={Tối ưu ho{\'a}: Quy hoạch tuyến t{\'\i}nh v{\`a} rời rạc},
  author={Nguyễn Đức Nghĩa},
  url={https://books.google.com.vn/books?id=MNBrAQAACAAJ},
  year={1996},
  publisher={Gi{\'a}o dục}
}
@ARTICLE {huudien,
    author  = "Nguyễn Hữu Điển",
    journal = "Giáo trình Tối ưu tuyến tính và Ứng dụng",
    volume  = "NXB ĐHQG Hà Nội"
}
@book{dantzig97,
  added-at = {2016-10-24T07:13:04.000+0200},
  address = {New York},
  author = {Dantzig, George B. and Thapa, Mukund Narain},
  biburl = {https://www.bibsonomy.org/bibtex/267318f789736010383143c203a1f0128/ytyoun},
  interhash = {e67f74bf5a9a64e2ef060b378afb6d90},
  intrahash = {67318f789736010383143c203a1f0128},
  isbn = {0387948333 9780387948331 0387986138 9780387986135},
  keywords = {linear_programming textbook},
  publisher = {Springer},
  refid = {35318475},
  series = {Springer Series in Operations Research and Financial Engineering},
  timestamp = {2016-10-24T07:13:53.000+0200},
  title = {Linear Programming 1: Introduction},
  year = 1997
}
@book{dantzig1997linear,
  title={Linear Programming 2: 2: Theory and Extensions},
  author={Dantzig, G.B. and Thapa, M.N.},
  isbn={9780387986135},
  lccn={96036411},
  series={Linear Programming},
  url={https://books.google.com.vn/books?id=qUvXMT0OPZwC},
  year={1997},
  publisher={Springer}
}
@book{eiselt2007linear,
  title={Linear Programming and its Applications},
  author={Eiselt, H.A. and Sandblom, C.L.},
  isbn={9783540736714},
  lccn={2007931630},
  url={https://books.google.com.ec/books?id=pCMCdycl2kMC},
  year={2007},
  publisher={Springer Berlin Heidelberg}
}
@book{jünger200950,
  title={50 Years of Integer Programming 1958-2008: From the Early Years to the State-of-the-Art},
  author={J{\"u}nger, M. and Liebling, T.M. and Naddef, D. and Nemhauser, G.L. and Pulleyblank, W.R. and Reinelt, G. and Rinaldi, G. and Wolsey, L.A.},
  isbn={9783540682790},
  lccn={2009938839},
  url={https://books.google.com.vn/books?id=bUJc_weiYfkC},
  year={2009},
  publisher={Springer Berlin Heidelberg}
}
@book{rao2009engineering,
  title={Engineering Optimization: Theory and Practice},
  author={Rao, S.S.},
  isbn={9780470183526},
  lccn={2009018559},
  url={https://books.google.com.vn/books?id=YNt34dvnQLEC},
  year={2009},
  publisher={Wiley}
}
@article{Land1960AnAM,
  title={An Automatic Method of Solving Discrete Programming Problems},
  author={Ailsa H. Land and Alison G. Doig},
  journal={Econometrica},
  year={1960},
  volume={28},
  pages={497},
  url={https://api.semanticscholar.org/CorpusID:35442133}
}
@inbook{inbook,
author = {Gomory, Ralph},
year = {2010},
month = {01},
pages = {77-103},
title = {Outline of an Algorithm for Integer Solutions to Linear Programs and An Algorithm for the Mixed Integer Problem},
isbn = {978-3-540-68274-5},
journal = {50 Years of Integer Programming 1958-2008: From the Early Years to the State-of-the-Art},
doi = {10.1007/978-3-540-68279-0_4}
}