@inbook{inbook,
author = {Pinedo, Michael},
year = {2008},
month = {01},
pages = {},
title = {Scheduling: Theory, Algorithms, And Systems}
}
@inbook{minhhuy,
author = {Le Minh Huy},
year = {},
month = {},
pages = {},
title = {Single Machine Scheduling}
}
@book{pinedo2009planning,
  title={Planning and Scheduling in Manufacturing and Services},
  author={Pinedo, M.L.},
  isbn={9781441909107},
  lccn={2009930422},
  series={Springer series in operations research},
  url={https://books.google.com.vn/books?id=ZUlDAAAAQBAJ},
  year={2009},
  publisher={Springer New York}
}
@book{PMBOK2013,
  abstract = {The PMBOK Guide---Fifth Edition reflects the collaboration and knowledge of working project managers and provides the fundamentals of project management as they apply to a wide range of projects. This internationally recognized standard gives project managers the essential tools to practice project management and deliver organizational results.},
  added-at = {2016-12-23T22:12:00.000+0100},
  address = {Newtown Square, PA},
  biburl = {https://www.bibsonomy.org/bibtex/2dadcdde61e072ec43a40ee966f912163/flint63},
  description = {Edition 5 deutsche Ausgabe 2014 ISBN 978-1-62825-003-9},
  edition = 5,
  editor = {PMI},
  file = {eBook:2013/PMBOK2013.pdf:PDF;Amazon Search inside:http\://www.amazon.de/gp/reader/1935589679/:URL;Related Web Site:http\://www.pmi.org/:URL},
  groups = {public},
  interhash = {a59fcfdfca8222b2ca420dc26288e7ca},
  intrahash = {dadcdde61e072ec43a40ee966f912163},
  isbn = {978-1-935589-67-9},
  keywords = {01624 103 book project management software development process softskills},
  publisher = {Project Management Institute},
  timestamp = {2017-07-13T17:58:59.000+0200},
  title = {A Guide to the Project Management Body of Knowledge ({PMBOK} Guide)},
  username = {flint63},
  year = 2013
}
@book{PostekZoccaAMPL2024,
title     = "Hands-On Mathematical Optimization with AMPL in Python",
author    = "Postek, Krzysztof and Zocca, Alessandro and Gromicho, Joaquim and Kantor, Jeffrey",
year      = 2024,
publisher = "Online",
url       = "https://ampl.com/mo-book"
}
